<?xml version="1.0" encoding="UTF-8"?><collection xmlns="http://www.loc.gov/MARC21/slim"><record><leader>00328nam--2200133-i-4500</leader><controlfield tag="001">000010742</controlfield><controlfield tag="002">20161230</controlfield><controlfield tag="005">20161230201028</controlfield><controlfield tag="008">060222s1000------------r-----000-0-eng-d</controlfield><datafield ind1=" " ind2=" " tag="245"><subfield code="a">Physical chemistry</subfield></datafield><datafield ind1=" " ind2=" " tag="260"><subfield code="a">London, Butterwoeths, 1972</subfield></datafield><datafield ind1=" " ind2=" " tag="490"><subfield code="a">Physical Chemistry. Series One</subfield></datafield><datafield ind1=" " ind2=" " tag="700"><subfield code="a">Buckingham, A.D</subfield></datafield><datafield ind1=" " ind2=" " tag="852"><subfield code="a">38324</subfield></datafield></record></collection>